@inproceedings{vaswani2017attention,
  title={{Attention Is All You Need}},
  author={Vaswani, Ashish and Shazeer, Noam and Parmar, Niki and Uszkoreit, Jakob and Jones, Llion and Gomez, Aidan N and Kaiser, {\L}ukasz and Polosukhin, Illia},
  booktitle={NIPS},
  year={2017},
}
